<?xml version='1.0' encoding='UTF-8'?>
<record xmlns="http://www.loc.gov/MARC21/slim">
  <leader>00962cam a22002531  4500</leader>
  <controlfield tag="001">2850924</controlfield>
  <controlfield tag="003">NjP</controlfield>
  <controlfield tag="005">20171020180706.0</controlfield>
  <controlfield tag="008">900214s1960    sy ab    b    000 0 ara  </controlfield>
  <datafield tag="024" ind1="7" ind2=" ">
    <subfield code="a">princeton_aco002183</subfield>
    <subfield code="2">local</subfield>
  </datafield>
  <datafield ind1=" " ind2=" " tag="010">
    <subfield code="a">ne 68002301 </subfield>
  </datafield>
  <datafield ind1=" " ind2=" " tag="035">
    <subfield code="a">(CStRLIN)DCGGB15288006-B</subfield>
  </datafield>
  <datafield ind1=" " ind2=" " tag="035">
    <subfield code="9">CNT6515TS</subfield>
  </datafield>
  <datafield ind1=" " ind2=" " tag="040">
    <subfield code="d">NjP</subfield>
  </datafield>
  <datafield ind1=" " ind2=" " tag="043">
    <subfield code="a">a-sy---</subfield>
  </datafield>
  <datafield ind1="1" ind2=" " tag="100">
    <subfield code="a">ʻIshsh, Abū al-Faraj.</subfield>
  </datafield>
  <datafield ind1="1" ind2="0" tag="245">
    <subfield code="a">Āthārunā fī al-Iqlīm al-Sūrī, al-Jumhūrīyah al-ʻArabīyah al-Muttaḥidah :</subfield>
    <subfield code="b">kitāb atharī siyāḥī muṣawwar /</subfield>
    <subfield code="c">taʾlīf Abū al-Faraj al-ʻIshsh.</subfield>
  </datafield>
  <datafield ind1=" " ind2=" " tag="250">
    <subfield code="a">al-Ṭabʻah 1.</subfield>
  </datafield>
  <datafield ind1=" " ind2=" " tag="260">
    <subfield code="a">Dimashq :</subfield>
    <subfield code="b">al-Maṭbaʻah al-Jadīdah,</subfield>
    <subfield code="c">1960.</subfield>
  </datafield>
  <datafield ind1=" " ind2=" " tag="300">
    <subfield code="a">333 p. :</subfield>
    <subfield code="b">ill., maps ;</subfield>
    <subfield code="c">20 cm.</subfield>
  </datafield>
  <datafield ind1=" " ind2=" " tag="504">
    <subfield code="a">Includes bibliographical references (p. 319-323).</subfield>
  </datafield>
  <datafield ind1=" " ind2="0" tag="651">
    <subfield code="a">Syria</subfield>
    <subfield code="x">Antiquities.</subfield>
    <subfield code="0">http://id.loc.gov/authorities/subjects/sh85131693</subfield>
  </datafield>
  <datafield ind1=" " ind2=" " tag="948">
    <subfield code="a">jab/con</subfield>
  </datafield>
  <datafield ind1=" " ind2=" " tag="911">
    <subfield code="a">20000401</subfield>
  </datafield>
  <datafield ind1=" " ind2=" " tag="912">
    <subfield code="a">20000403040137.0</subfield>
  </datafield>
  <datafield ind1="0" ind2="0" tag="852">
    <subfield code="0">3164091</subfield>
    <subfield code="b">nec</subfield>
    <subfield code="t">1</subfield>
    <subfield code="h">DS94.5</subfield>
    <subfield code="i">.I847 1960</subfield>
  </datafield>
  <datafield ind1=" " ind2=" " tag="959">
    <subfield code="a">2009-06-30 13:25:07 -0400</subfield>
  </datafield>
</record>
